02RETORNO01COBRANCA       031400225566        ZIUL INFORMATICA LTDA ME      341BANCO ITAU S.A.03052101600BPI00423040521                                                                                                                                                                                                                                                                                   000001
10203211838000112031400225566        19235                    00192350            109001923503             I02030521000001165600192350            10052100000000590003412897708000000000000000000000000000000000000000000000000000000000000000000000000000000000000000000000000000001160000000000000         00000000000000000000000POSTO DE GASOLINA AC LTDA                                             000002
10203211838000112031400225566        19236                    00192368            109001923685             I02030521000001165700192368            10052100000000655003414569008000000000000000000000000000000000000000000000000000000000000000000000000000000000000000000000000000001290000000000000         00000000000000000000000POSTO AMRX COMERCIO DE COMBUST                                        000003
10203211838000112031400225566        19237                    00192376            109001923768             I02030521000001165800192376            10052100000000655003410059608000000000000000000000000000000000000000000000000000000000000000000000000000000000000000000000000000001290000000000000         00000000000000000000000A.P ITAIPU COMBUSTIVEIS LTDA                                          000004
10203211838000112031400225566        19238                    00192384            109001923842             I02030521000001165900192384            10052100000000637003410122208000000000000000000000000000000000000000000000000000000000000000000000000000000000000000000000000000001250000000000000         00000000000000000000000ALPS AUTO POSTO LTDA                                                  000005
10203211838000112031400225566        19239                    00192392            109001923925             I02030521000001166000192392            10052100000000637003412897708000000000000000000000000000000000000000000000000000000000000000000000000000000000000000000000000000001250000000000000         00000000000000000000000POSTO AMIZADE DE JACAREPAGUA L                                        000006
10203211838000112031400225566        19240                    00192406            109001924063             I02030521000001166100192406            10052100000000678003412897708000000000000000000000000000000000000000000000000000000000000000000000000000000000000000000000000000001330000000000000         00000000000000000000000CENTRO AUTOMOTIVO ANCORA LTDA                                         000007
10203211838000112031400225566        19241                    00192414            109001924147             I02030521000001166200192414            10052100000000678003412897708000000000000000000000000000000000000000000000000000000000000000000000000000000000000000000000000000001330000000000000         00000000000000000000000AUTO POSTO ATERRO DO FLAMENGO                                         000008
10203211838000112031400225566        19242                    00192422            109001924220             I02030521000001166300192422            15052100000000665003410201408000000000000000000000000000000000000000000000000000000000000000000000000000000000000000000000000000001310000000000000         00000000000000000000000POSTO DE GASOLINA AUSTIN LTDA                                         000009
10203211838000112031400225566        19243                    00192430            109001924303             I02030521000001166400192430            15052100000000665003410320208000000000000000000000000000000000000000000000000000000000000000000000000000000000000000000000000000001310000000000000         00000000000000000000000B D 2 AUTO POSTO LTDA                                                 000010
10203211838000112031400225566        19244                    00192449            109001924493             I02030521000001166500192449            10052100000000118003412897708000000000000000000000000000000000000000000000000000000000000000000000000000000000000000000000000000000230000000000000         00000000000000000000000AUTO POSTO E SERVICOS BAMBAM L                                        000011
10203211838000112031400225566        19245                    00192457            109001924576             I02030521000001166600192457            15052100000000665003412897708000000000000000000000000000000000000000000000000000000000000000000000000000000000000000000000000000001310000000000000         00000000000000000000000AUTO POSTO BANDEIRA BRANCA LTD                                        000012
10203211838000112031400225566        19246                    00192465            109001924659             I02030521000001166700192465            10052100000000637003412897708000000000000000000000000000000000000000000000000000000000000000000000000000000000000000000000000000001250000000000000         00000000000000000000000LUBRIFICACAO BARRO VERMELHO LT                                        000013
10203211838000112031400225566        19247                    00192473            109001924733             I02030521000001166800192473            15052100000000655003412897708000000000000000000000000000000000000000000000000000000000000000000000000000000000000000000000000000001290000000000000         00000000000000000000000AUTO POSTO E GARAGE BELA VISTA                                        000014
10203211838000112031400225566        19248                    00192481            109001924816             I02030521000001166900192481            15052100000000665003414562508000000000000000000000000000000000000000000000000000000000000000000000000000000000000000000000000000001310000000000000         00000000000000000000000POSTO O BEM AMADO IGUACU LTDA                                         000015
10203211838000112031400225566        19249                    00192490            109001924907             I02030521000001167000192490            15052100000000655003412897708000000000000000000000000000000000000000000000000000000000000000000000000000000000000000000000000000001290000000000000         00000000000000000000000AUTO BENDIX VOLKS LTDA                                                000016
10203211838000112031400225566        19250                    00192503            109001925037             I02030521000001167100192503            15052100000000655003412897708000000000000000000000000000000000000000000000000000000000000000000000000000000000000000000000000000001290000000000000         00000000000000000000000AUTO POSTO BITTIG LTDA.                                               000017
10203211838000112031400225566        19251                    00192511            109001925110             I02030521000001167200192511            10052100000000637003412897708000000000000000000000000000000000000000000000000000000000000000000000000000000000000000000000000000001250000000000000         00000000000000000000000POSTO DE GASOLINA BOA FE LTDA                                         000018
10203211838000112031400225566        19252                    00192520            109001925201             I02030521000001167300192520            15052100000000665003412897708000000000000000000000000000000000000000000000000000000000000000000000000000000000000000000000000000001310000000000000         00000000000000000000000POSTO GASOLINA BONANZA LTDA                                           000019
10203211838000112031400225566        19253                    00192538            109001925383             I02030521000001167400192538            10052100000000637003412897708000000000000000000000000000000000000000000000000000000000000000000000000000000000000000000000000000001250000000000000         00000000000000000000000POSTO DE GASOLINA BUGGY LTDA                                          000020
10203211838000112031400225566        19254                    00192546            109001925466             I02030521000001167500192546            10052100000000665003412897708000000000000000000000000000000000000000000000000000000000000000000000000000000000000000000000000000001310000000000000         00000000000000000000000POSTO DE GASOLINA BUGGY LTDA                                          000021
10203211838000112031400225566        19255                    00192554            109001925540             I02030521000001167600192554            10052100000000635003410059608000000000000000000000000000000000000000000000000000000000000000000000000000000000000000000000000000001250000000000000         00000000000000000000000POSTO DE COMBUSTIVEIS CAFUBA L                                        000022
10203211838000112031400225566        19256                    00192562            109001925623             I02030521000001167700192562            10052100000001625003412897708000000000000000000000000000000000000000000000000000000000000000000000000000000000000000000000000000003200000000000000         00000000000000000000000POSTO DE COMBUSTIVEIS CAMBAUBA                                        000023
10203211838000112031400225566        19257                    00192570            109001925706             I02030521000001167800192570            15052100000000637003412897708000000000000000000000000000000000000000000000000000000000000000000000000000000000000000000000000000001250000000000000         00000000000000000000000POSTO DE GASOLINA CANARIAS LTD                                        000024
10203211838000112031400225566        19258                    00192589            109001925896             I02030521000001167900192589            10052100000000643003412897708000000000000000000000000000000000000000000000000000000000000000000000000000000000000000000000000000001260000000000000         00000000000000000000000POSTO DE GAS. CENTRAL DA ABOLI                                        000025
10203211838000112031400225566        19259                    00192597            109001925979             I02030521000001168000192597            10052100000000637003412897708000000000000000000000000000000000000000000000000000000000000000000000000000000000000000000000000000001250000000000000         00000000000000000000000AUTO POSTO AVENIDA CENTRAL DE                                         000026
10203211838000112031400225566        19260                    00192600            109001926001             I02030521000001168100192600            10052100000000650003410945608000000000000000000000000000000000000000000000000000000000000000000000000000000000000000000000000000001280000000000000         00000000000000000000000AUTO POSTO CINCO ESTRELAS LTDA                                        000027
10203211838000112031400225566        19261                    00192619            109001926191             I02030521000001168200192619            10052100000000637003411282308000000000000000000000000000000000000000000000000000000000000000000000000000000000000000000000000000001250000000000000         00000000000000000000000POSTO DE GASOLINA DUDA VIEIRA                                         000028
10203211838000112031400225566        19262                    00192627            109001926274             I02030521000001168300192627            15052100000000655003412897708000000000000000000000000000000000000000000000000000000000000000000000000000000000000000000000000000001290000000000000         00000000000000000000000POSTO DE GASOLINA DUZENTOS LTD                                        000029
10203211838000112031400225566        19263                    00192635            109001926357             I02030521000001168400192635            10052100000000268003412897708000000000000000000000000000000000000000000000000000000000000000000000000000000000000000000000000000000530000000000000         00000000000000000000000POSTO DE GAS. EST. DOS BANDEIR                                        000030
10203211838000112031400225566        19264                    00192643            109001926431             I02030521000001168500192643            10052100000000637003412897708000000000000000000000000000000000000000000000000000000000000000000000000000000000000000000000000000001250000000000000         00000000000000000000000POSTO E GARAGEM ESTRELA DO MAT                                        000031
10203211838000112031400225566        19265                    00192651            109001926514             I02030521000001168600192651            15052100000000655003411306008000000000000000000000000000000000000000000000000000000000000000000000000000000000000000000000000000001290000000000000         00000000000000000000000AUTO POSTO ESTRELA DO NORTE LT                                        000032
10203211838000112031400225566        19266                    00192660            109001926605             I02030521000001168700192660            10052100000000590003412897708000000000000000000000000000000000000000000000000000000000000000000000000000000000000000000000000000001160000000000000         00000000000000000000000POSTO DE GASOLINA FHC LTDA                                            000033
10203211838000112031400225566        19267                    00192678            109001926787             I02030521000001168800192678            10052100000000665003412897708000000000000000000000000000000000000000000000000000000000000000000000000000000000000000000000000000001310000000000000         00000000000000000000000G A P POSTO DE SERVICOS LTDA                                          000034
10203211838000112031400225566        19268                    00192686            109001926860             I02030521000001168900192686            15052100000000637003414567408000000000000000000000000000000000000000000000000000000000000000000000000000000000000000000000000000001250000000000000         00000000000000000000000AUTO POSTO CIDADE GEBARA LTDA                                         000035
10203211838000112031400225566        19269                    00192694            109001926944             I02030521000001169000192694            10052100000000590003412897708000000000000000000000000000000000000000000000000000000000000000000000000000000000000000000000000000001160000000000000         00000000000000000000000AUTO POSTO GENESIS DE JACAREPA                                        000036
10203211838000112031400225566        19270                    00192708            109001927082             I02030521000001169100192708            10052100000000637003412897708000000000000000000000000000000000000000000000000000000000000000000000000000000000000000000000000000001250000000000000         00000000000000000000000GERICINO AUTO POSTO LTDA                                              000037
10203211838000112031400225566        19271                    00192716            109001927165             I02030521000001169200192716            10052100000000590003412897708000000000000000000000000000000000000000000000000000000000000000000000000000000000000000000000000000001160000000000000         00000000000000000000000AUTO POSTO GUERRERA LTDA                                              000038
10203211838000112031400225566        19272                    00192724            109001927249             I02030521000001169300192724            10052100000000590003412897708000000000000000000000000000000000000000000000000000000000000000000000000000000000000000000000000000001160000000000000         00000000000000000000000POSTO DE COMBUSTIVEIS HF LTDA.                                        000039
10203211838000112031400225566        19273                    00192732            109001927322             I02030521000001169400192732            10052100000001180003412897708000000000000000000000000000000000000000000000000000000000000000000000000000000000000000000000000000002320000000000000         00000000000000000000000POSTO HADOCK LOBO LTDA                                                000040
10203211838000112031400225566        19274                    00192740            109001927405             I02030521000001169500192740            15052100000000665003412897708000000000000000000000000000000000000000000000000000000000000000000000000000000000000000000000000000001310000000000000         00000000000000000000000NOVO HYPERION RIO POSTO DE GAS                                        000041
10203211838000112031400225566        19275                    00192759            109001927595             I02030521000001169600192759            10052100000000637003412897708000000000000000000000000000000000000000000000000000000000000000000000000000000000000000000000000000001250000000000000         00000000000000000000000POSTO DE GASOLINA E LUBRIF. IP                                        000042
10203211838000112031400225566        19276                    00192767            109001927678             I02030521000001169700192767            10052100000000637003412897708000000000000000000000000000000000000000000000000000000000000000000000000000000000000000000000000000001250000000000000         00000000000000000000000ITAIPU POSTO DE LAVAGEM E LUBR                                        000043
10203211838000112031400225566        19277                    00192775            109001927751             I02030521000001169800192775            10052100000000274003412897708000000000000000000000000000000000000000000000000000000000000000000000000000000000000000000000000000000540000000000000         00000000000000000000000ITAIPU POSTO DE LAVAGEM E LUBR                                        000044
10203211838000112031400225566        19278                    00192783            109001927835             I02030521000001169900192783            10052100000000590003410229508000000000000000000000000000000000000000000000000000000000000000000000000000000000000000000000000000001160000000000000         00000000000000000000000POSTO DE GASOLINA JB MERITI LT                                        000045
10203211838000112031400225566        19279                    00192791            109001927918             I02030521000001170000192791            10052100000000665003412897708000000000000000000000000000000000000000000000000000000000000000000000000000000000000000000000000000001310000000000000         00000000000000000000000AUTO POSTO JARI LTDA.                                                 000046
10203211838000112031400225566        19280                    00192805            109001928056             I02030521000001170100192805            15052100000000637003411282308000000000000000000000000000000000000000000000000000000000000000000000000000000000000000000000000000001250000000000000         00000000000000000000000POSTO DE GASOLINA JOTA LTDA.                                          000047
10203211838000112031400225566        19281                    00192813            109001928130             I02030521000001170200192813            15052100000000637003411282308000000000000000000000000000000000000000000000000000000000000000000000000000000000000000000000000000001250000000000000         00000000000000000000000AUTO POSTO KALEBE EQUITATIVA L                                        000048
10203211838000112031400225566        19282                    00192821            109001928213             I02030521000001170300192821            10052100000000678003416080608000000000000000000000000000000000000000000000000000000000000000000000000000000000000000000000000000001330000000000000         00000000000000000000000POSTO LAGEENSE RJ 127 LTDA                                            000049
10203211838000112031400225566        19283                    00192830            109001928304             I02030521000001170400192830            10052100000000637003410201408000000000000000000000000000000000000000000000000000000000000000000000000000000000000000000000000000001250000000000000         00000000000000000000000POSTO DE GASOLINA LAMACAES LTD                                        000050
10203211838000112031400225566        19284                    00192848            109001928486             I02030521000001170500192848            10052100000000637003412897708000000000000000000000000000000000000000000000000000000000000000000000000000000000000000000000000000001250000000000000         00000000000000000000000POSTO DE GASOLINA LEIROZ LTDA                                         000051
10203211838000112031400225566        19285                    00192856            109001928569             I02030521000001170600192856            10052100000000268003412897708000000000000000000000000000000000000000000000000000000000000000000000000000000000000000000000000000000530000000000000         00000000000000000000000POSTO E GARAGE LINS LTDA                                              000052
10203211838000112031400225566        19286                    00192864            109001928643             I02030521000001170700192864            10052100000000557003412897708000000000000000000000000000000000000000000000000000000000000000000000000000000000000000000000000000001100000000000000         00000000000000000000000POSTO DE SERVICO E ABASTEC. LO                                        000053
10203211838000112031400225566        19287                    00192872            109001928726             I02030521000001170800192872            10052100000000840003412897708000000000000000000000000000000000000000000000000000000000000000000000000000000000000000000000000000001650000000000000         00000000000000000000000AUTO ABASTECIMENTO LOVE STORY                                         000054
10203211838000112031400225566        19288                    00192880            109001928809             I02030521000001170900192880            10052100000000590003410201408000000000000000000000000000000000000000000000000000000000000000000000000000000000000000000000000000001160000000000000         00000000000000000000000POSTO DE COMBUSTIVEIS MAIOR DA                                        000055
10203211838000112031400225566        19289                    00192899            109001928999             I02030521000001171000192899            10052100000000655003412897708000000000000000000000000000000000000000000000000000000000000000000000000000000000000000000000000000001290000000000000         00000000000000000000000POSTO E GARAGE MAIOR DA PRACA                                         000056
10203211838000112031400225566        19290                    00192902            109001929021             I02030521000001171100192902            10052100000000590003410229508000000000000000000000000000000000000000000000000000000000000000000000000000000000000000000000000000001160000000000000         00000000000000000000000POSTO DE COMBUSTIVEL MAIORAL L                                        000057
10203211838000112031400225566        19291                    00192910            109001929104             I02030521000001171200192910            10052100000000590003410201408000000000000000000000000000000000000000000000000000000000000000000000000000000000000000000000000000001160000000000000         00000000000000000000000MATA VIRGEM AUTO SERVICO LTDA                                         000058
10203211838000112031400225566        19292                    00192929            109001929294             I02030521000001171300192929            10052100000000590003412897708000000000000000000000000000000000000000000000000000000000000000000000000000000000000000000000000000001160000000000000         00000000000000000000000POSTO DE GASOLINA MENDANHA LTD                                        000059
10203211838000112031400225566        19293                    00192937            109001929377             I02030521000001171400192937            10052100000000637003412897708000000000000000000000000000000000000000000000000000000000000000000000000000000000000000000000000000001250000000000000         00000000000000000000000AUTO POSTO MEU CEARA LTDA.                                            000060
10203211838000112031400225566        19294                    00192945            109001929450             I02030521000001171500192945            15052100000000655003410059608000000000000000000000000000000000000000000000000000000000000000000000000000000000000000000000000000001290000000000000         00000000000000000000000POSTO DE GASOLINA MIDAS DA ALA                                        000061
10203211838000112031400225566        19295                    00192953            109001929534             I02030521000001171600192953            10052100000000356003412897708000000000000000000000000000000000000000000000000000000000000000000000000000000000000000000000000000000700000000000000         00000000000000000000000MIXCENTER BAR E CONVENIENCIAS                                         000062
10203211838000112031400225566        19296                    00192961            109001929617             I02030521000001171700192961            10052100000000590003410201408000000000000000000000000000000000000000000000000000000000000000000000000000000000000000000000000000001160000000000000         00000000000000000000000POSTO DE COMBUSTIVEIS NATIVIDA                                        000063
10203211838000112031400225566        19297                    00192970            109001929708             I02030521000001171800192970            10052100000000650003412897708000000000000000000000000000000000000000000000000000000000000000000000000000000000000000000000000000001280000000000000         00000000000000000000000POSTO DE GASOLINA NOBRE LTDA                                          000064
10203211838000112031400225566        19298                    00192988            109001929880             I02030521000001171900192988            10052100000000650003412897708000000000000000000000000000000000000000000000000000000000000000000000000000000000000000000000000000001280000000000000         00000000000000000000000NOVA MADUREIRA AUTO POSTO LTDA                                        000065
10203211838000112031400225566        19299                    00192996            109001929963             I02030521000001172000192996            10052100000000637003414562508000000000000000000000000000000000000000000000000000000000000000000000000000000000000000000000000000001250000000000000         00000000000000000000000POSTO NOVO AMIGO LTDA                                                 000066
10203211838000112031400225566        19300                    00193003            109001930037             I02030521000001172100193003            10052100000000655003410059608000000000000000000000000000000000000000000000000000000000000000000000000000000000000000000000000000001290000000000000         00000000000000000000000CENTRO AUTOMOTIVO PACO DE SOUZ                                        000067
10203211838000112031400225566        19301                    00193011            109001930110             I02030521000001172200193011            10052100000000359003410059608000000000000000000000000000000000000000000000000000000000000000000000000000000000000000000000000000000710000000000000         00000000000000000000000CENTRO AUTOMOTIVO PACO DE SOUZ                                        000068
10203211838000112031400225566        19302                    00193020            109001930201             I02030521000001172300193020            10052100000000590003412897708000000000000000000000000000000000000000000000000000000000000000000000000000000000000000000000000000001160000000000000         00000000000000000000000AUTO POSTO S.C. DOS PALMARES L                                        000069
10203211838000112031400225566        19303                    00193038            109001930383             I02030521000001172400193038            15052100000000655003412897708000000000000000000000000000000000000000000000000000000000000000000000000000000000000000000000000000001290000000000000         00000000000000000000000POSTO DE GASOLINA PORTAL DA SE                                        000070
10203211838000112031400225566        19304                    00193046            109001930466             I02030521000001172500193046            15052100000000655003412897708000000000000000000000000000000000000000000000000000000000000000000000000000000000000000000000000000001290000000000000         00000000000000000000000POSTO PRIMUS COMERCIO DE COMBU                                        000071
10203211838000112031400225566        19305                    00193054            109001930540             I02030521000001172600193054            10052100000000637003414561708000000000000000000000000000000000000000000000000000000000000000000000000000000000000000000000000000001250000000000000         00000000000000000000000POSTO PRINCIPAL LTDA                                                  000072
10203211838000112031400225566        19306                    00193062            109001930623             I02030521000001172700193062            15052100000000655003412897708000000000000000000000000000000000000000000000000000000000000000000000000000000000000000000000000000001290000000000000         00000000000000000000000POSTO DE ABASTECIMENTO RJ NORT                                        000073
10203211838000112031400225566        19307                    00193070            109001930706             I02030521000001172800193070            10052100000000678003412897708000000000000000000000000000000000000000000000000000000000000000000000000000000000000000000000000000001330000000000000         00000000000000000000000AUTO POSTO RECANTO DAS PALMEIR                                        000074
10203211838000112031400225566        19308                    00193089            109001930896             I02030521000001172900193089            10052100000000780003412897708000000000000000000000000000000000000000000000000000000000000000000000000000000000000000000000000000001530000000000000         00000000000000000000000AUTO POSTO RIO 92 LTDA                                                000075
10203211838000112031400225566        19309                    00193097            109001930979             I02030521000001173000193097            10052100000000590003412897708000000000000000000000000000000000000000000000000000000000000000000000000000000000000000000000000000001160000000000000         00000000000000000000000AUTO POSTO RUCIO LTDA                                                 000076
10203211838000112031400225566        19310                    00193100            109001931001             I02030521000001173100193100            10052100000000678003412897708000000000000000000000000000000000000000000000000000000000000000000000000000000000000000000000000000001330000000000000         00000000000000000000000POSTO SANTA CLARA DE COPACABAN                                        000077
10203211838000112031400225566        19311                    00193119            109001931191             I02030521000001173200193119            10052100000000199003412897708000000000000000000000000000000000000000000000000000000000000000000000000000000000000000000000000000000390000000000000         00000000000000000000000POSTO SANTA CLARA DE COPACABAN                                        000078
10203211838000112031400225566        19312                    00193127            109001931274             I02030521000001173300193127            10052100000000650003412897708000000000000000000000000000000000000000000000000000000000000000000000000000000000000000000000000000001280000000000000         00000000000000000000000POSTO ABAST. STA. RITA DA TIJU                                        000079
10203211838000112031400225566        19313                    00193135            109001931357             I02030521000001173400193135            15052100000000665003412897708000000000000000000000000000000000000000000000000000000000000000000000000000000000000000000000000000001310000000000000         00000000000000000000000POSTO GNV SELECAO LTDA                                                000080
10203211838000112031400225566        19314                    00193143            109001931431             I02030521000001173500193143            10052100000000655003410059608000000000000000000000000000000000000000000000000000000000000000000000000000000000000000000000000000001290000000000000         00000000000000000000000POSTO SERRA DA TIRIRICA LTDA                                          000081
10203211838000112031400225566        19315                    00193151            109001931514             I02030521000001173600193151            10052100000000268003412897708000000000000000000000000000000000000000000000000000000000000000000000000000000000000000000000000000000530000000000000         00000000000000000000000TINDIBA AUTO POSTO LTDA                                               000082
10203211838000112031400225566        19316                    00193160            109001931605             I02030521000001173700193160            10052100000000678003412897708000000000000000000000000000000000000000000000000000000000000000000000000000000000000000000000000000001330000000000000         00000000000000000000000POSTO DE GASOLINA TODOS OS SAN                                        000083
10203211838000112031400225566        19317                    00193178            109001931787             I02030521000001173800193178            15052100000000655003410059608000000000000000000000000000000000000000000000000000000000000000000000000000000000000000000000000000001290000000000000         00000000000000000000000AUTO POSTO TOP DE PENDOTIBA LT                                        000084
10203211838000112031400225566        19318                    00193186            109001931860             I02030521000001173900193186            15052100000000665003410299808000000000000000000000000000000000000000000000000000000000000000000000000000000000000000000000000000001310000000000000         00000000000000000000000POSTO DE ABASTECIMENTO TRERIEN                                        000085
10203211838000112031400225566        19319                    00193194            109001931944             I02030521000001174000193194            15052100000000665003410229508000000000000000000000000000000000000000000000000000000000000000000000000000000000000000000000000000001310000000000000         00000000000000000000000TURNPIKE 4321 AUTO POSTO BAR E                                        000086
10203211838000112031400225566        19320                    00193208            109001932082             I02030521000001174100193208            15052100000000655003410059608000000000000000000000000000000000000000000000000000000000000000000000000000000000000000000000000000001290000000000000         00000000000000000000000POSTO VIA PONTE LTDA                                                  000087
10203211838000112031400225566        19321                    00193216            109001932165             I02030521000001174200193216            15052100000000665003410222008000000000000000000000000000000000000000000000000000000000000000000000000000000000000000000000000000001310000000000000         00000000000000000000000POSTO VILA NOVA FRIBURGO LTDA                                         000088
10203211838000112031400225566        19322                    00193224            109001932249             I02030521000001174300193224            10052100000000637003412897708000000000000000000000000000000000000000000000000000000000000000000000000000000000000000000000000000001250000000000000         00000000000000000000000WEST POINT CAR POSTO DE ABASTE                                        000089
10203211838000112031400225566        19323                    00193232            109001932322             I02030521000001174400193232            10052100000000350003412897708000000000000000000000000000000000000000000000000000000000000000000000000000000000000000000000000000000690000000000000         00000000000000000000000AUTO POSTO ATERRO DO FLAMENGO                                         000090
10203211838000112031400225566        19324                    00193240            109001932405             I02030521000001174500193240            15052100000000120003414567408000000000000000000000000000000000000000000000000000000000000000000000000000000000000000000000000000000240000000000000         00000000000000000000000AUTO POSTO CIDADE GEBARA LTDA                                         000091
10203211838000112031400225566        19325                    00193259            109001932595             I02030521000001174600193259            10052100000000120003412897708000000000000000000000000000000000000000000000000000000000000000000000000000000000000000000000000000000240000000000000         00000000000000000000000CENTRO AUTOMOTIVO NOVA RIBEIRA                                        000092
10203211838000112031400225566        19326                    00193267            109001932678             I02030521000000101400193267            10052100000000060003412897701000000000000000000000000000000000000000000000000000000000000000000000000000000000000000000000000000000120000000000000         00000000000000000000000POSTO AMIZADE DE JACAREPAGUA L                                        000093
10203211838000112031400225566        19327                    00193275            109001932751             I02030521000000101500193275            10052100000001407003412897701000000000000000000000000000000000000000000000000000000000000000000000000000000000000000000000000000002770000000000000         00000000000000000000000AUTO POSTO GUERRERA LTDA                                              000094
10203211838000112031400225566        19328                    00193283            109001932835             I02030521000000101600193283            10052100000000070003412897701000000000000000000000000000000000000000000000000000000000000000000000000000000000000000000000000000000140000000000000         00000000000000000000000POSTO SANTA CLARA DE COPACABAN                                        000095
10203211838000112031400225566        19329                    00193291            109001932918             I02030521000000003200193291            10052100000000268003412897708000000000000000000000000000000000000000000000000000000000000000000000000000000000000000000000000000000530000000000000         00000000000000000000000TINDIBA AUTO POSTO LTDA                                               000096
9201341          000000000000000000000000000000          000000000000000000000000000000                                                  000000000000000000000000000000          0000010400000006271766  04/05S004230000009500000005760500                                                                                                                                                                000097
