02RETORNO01COBRANCA       031400225566        ZIUL INFORMATICA LTDA ME      341BANCO ITAU S.A.10052101600BPI00426110521                                                                                                                                                                                                                                                                                   000001
10203211838000112031400225566        19223                    00192236            109001922364             I06100521000000101300192236            10052100000000601333419166001000000000044400000000000000000000000000000000000000000000000000000000000000000000000005968900000000000000000000000000   11052100000000000000000000000ITAIPU POSTO DE LAVAGEM E LUBR                                      CK000002
10203211838000112031400225566        19235                    00192350            109001923503             I06100521000001165600192350            10052100000000590003418803908000000000044400000000000000000000000000000000000000000000000000000000000000000000000005855600000000000000000000000000   11052100000000000000000000000POSTO DE GASOLINA AC LTDA                                           CK000003
10203211838000112031400225566        19236                    00192368            109001923685             I06100521000001165700192368            10052100000000655000331175908000000000044400000000000000000000000000000000000000000000000000000000000000000000000006505600000000000000000000000000   11052100000000000000000000000POSTO AMRX COMERCIO DE COMBUST                                      B3000004
10203211838000112031400225566        19238                    00192384            109001923842             I06100521000001165900192384            10052100000000637000333533708000000000044400000000000000000000000000000000000000000000000000000000000000000000000006325600000000000000000000000000   11052100000000000000000000000ALPS AUTO POSTO LTDA                                                B3000005
10203211838000112031400225566        19239                    00192392            109001923925             I06100521000001166000192392            10052100000000637002372777108000000000044400000000000000000000000000000000000000000000000000000000000000000000000006325600000000000000000000000000   11052100000000000000000000000POSTO AMIZADE DE JACAREPAGUA L                                      B3000006
10203211838000112031400225566        19240                    00192406            109001924063             I06100521000001166100192406            10052100000000678003413219308000000000044400000000000000000000000000000000000000000000000000000000000000000000000006735600000000000000000000000000   11052100000000000000000000000CENTRO AUTOMOTIVO ANCORA LTDA                                       CK000007
10203211838000112031400225566        19241                    00192414            109001924147             I06100521000001166200192414            10052100000000678002373019708000000000044400000000000000000000000000000000000000000000000000000000000000000000000006735600000000000000000000000000   11052100000000000000000000000AUTO POSTO ATERRO DO FLAMENGO                                       B3000008
10203211838000112031400225566        19246                    00192465            109001924659             I06100521000001166700192465            10052100000000637002372772208000000000044400000000000000000000000000000000000000000000000000000000000000000000000006325600000000000000000000000000   11052100000000000000000000000LUBRIFICACAO BARRO VERMELHO LT                                      B3000009
10203211838000112031400225566        19251                    00192511            109001925110             I06100521000001167200192511            10052100000000637004220025708000000000044400000000000000000000000000000000000000000000000000000000000000000000000006325600000000000000000000000000   11052100000000000000000000000POSTO DE GASOLINA BOA FE LTDA                                       B7000010
10203211838000112031400225566        19253                    00192538            109001925383             I06100521000001167400192538            10052100000000637003410370708000000000044400000000000000000000000000000000000000000000000000000000000000000000000006325600000000000000000000000000   11052100000000000000000000000POSTO DE GASOLINA BUGGY LTDA                                        CK000011
10203211838000112031400225566        19254                    00192546            109001925466             I06100521000001167500192546            10052100000000665003410370708000000000044400000000000000000000000000000000000000000000000000000000000000000000000006605600000000000000000000000000   11052100000000000000000000000POSTO DE GASOLINA BUGGY LTDA                                        CK000012
10203211838000112031400225566        19256                    00192562            109001925623             I06100521000001167700192562            10052100000001625003418803908000000000044400000000000000000000000000000000000000000000000000000000000000000000000016205600000000000000000000000000   11052100000000000000000000000POSTO DE COMBUSTIVEIS CAMBAUBA                                      CK000013
10203211838000112031400225566        19260                    00192600            109001926001             I06100521000001168100192600            10052100000000650003419350008000000000044400000000000000000000000000000000000000000000000000000000000000000000000006455600000000000000000000000000   11052100000000000000000000000AUTO POSTO CINCO ESTRELAS LTDA                                      CK000014
10203211838000112031400225566        19261                    00192619            109001926191             I06100521000001168200192619            10052100000000637003418808808000000000044400000000000000000000000000000000000000000000000000000000000000000000000006325600000000000000000000000000   11052100000000000000000000000POSTO DE GASOLINA DUDA VIEIRA                                       CK000015
10203211838000112031400225566        19263                    00192635            109001926357             I06100521000001168400192635            10052100000000268000334213508000000000044400000000000000000000000000000000000000000000000000000000000000000000000002635600000000000000000000000000   11052100000000000000000000000POSTO DE GAS. EST. DOS BANDEIR                                      B3000016
10203211838000112031400225566        19264                    00192643            109001926431             I06100521000001168500192643            10052100000000637001040202208000000000044400000000000000000000000000000000000000000000000000000000000000000000000006325600000000000000000000000000   11052100000000000000000000000POSTO E GARAGEM ESTRELA DO MAT                                      B5000017
10203211838000112031400225566        19266                    00192660            109001926605             I06100521000001168700192660            10052100000000590003418132308000000000044400000000000000000000000000000000000000000000000000000000000000000000000005855600000000000000000000000000   11052100000000000000000000000POSTO DE GASOLINA FHC LTDA                                          CK000018
10203211838000112031400225566        19267                    00192678            109001926787             I06100521000001168800192678            10052100000000665001044063408000000000044400000000000000000000000000000000000000000000000000000000000000000000000006605600000000000000000000000000   11052100000000000000000000000G A P POSTO DE SERVICOS LTDA                                        B5000019
10203211838000112031400225566        19269                    00192694            109001926944             I06100521000001169000192694            10052100000000590003418327908000000000044400000000000000000000000000000000000000000000000000000000000000000000000005855600000000000000000000000000   11052100000000000000000000000AUTO POSTO GENESIS DE JACAREPA                                      CK000020
10203211838000112031400225566        19271                    00192716            109001927165             I06100521000001169200192716            10052100000000590003418803908000000000044400000000000000000000000000000000000000000000000000000000000000000000000005855600000000000000000000000000   11052100000000000000000000000AUTO POSTO GUERRERA LTDA                                            CK000021
10203211838000112031400225566        19272                    00192724            109001927249             I06100521000001169300192724            10052100000000590003418327908000000000044400000000000000000000000000000000000000000000000000000000000000000000000005855600000000000000000000000000   11052100000000000000000000000POSTO DE COMBUSTIVEIS HF LTDA.                                      CK000022
10203211838000112031400225566        19273                    00192732            109001927322             I06100521000001169400192732            10052100000001180000334286108000000000044400000000000000000000000000000000000000000000000000000000000000000000000011755600000000000000000000000000   11052100000000000000000000000POSTO HADOCK LOBO LTDA                                              B3000023
10203211838000112031400225566        19275                    00192759            109001927595             I06100521000001169600192759            10052100000000637003418465708000000000044400000000000000000000000000000000000000000000000000000000000000000000000006325600000000000000000000000000   11052100000000000000000000000POSTO DE GASOLINA E LUBRIF. IP                                      CK000024
10203211838000112031400225566        19276                    00192767            109001927678             I06100521000001169700192767            10052100000000637003419166008000000000044400000000000000000000000000000000000000000000000000000000000000000000000006325600000000000000000000000000   11052100000000000000000000000ITAIPU POSTO DE LAVAGEM E LUBR                                      CK000025
10203211838000112031400225566        19277                    00192775            109001927751             I06100521000001169800192775            10052100000000274003419166008000000000044400000000000000000000000000000000000000000000000000000000000000000000000002695600000000000000000000000000   11052100000000000000000000000ITAIPU POSTO DE LAVAGEM E LUBR                                      CK000026
10203211838000112031400225566        19278                    00192783            109001927835             I06100521000001169900192783            10052100000000590003419160308000000000044400000000000000000000000000000000000000000000000000000000000000000000000005855600000000000000000000000000   11052100000000000000000000000POSTO DE GASOLINA JB MERITI LT                                      CK000027
10203211838000112031400225566        19279                    00192791            109001927918             I06100521000001170000192791            10052100000000665000014820708000000000044400000000000000000000000000000000000000000000000000000000000000000000000006605600000000000000000000000000   11052100000000000000000000000AUTO POSTO JARI LTDA.                                               B1000028
10203211838000112031400225566        19282                    00192821            109001928213             I06100521000001170300192821            10052100000000678000012390308000000000044400000000000000000000000000000000000000000000000000000000000000000000000006735600000000000000000000000000   11052100000000000000000000000POSTO LAGEENSE RJ 127 LTDA                                          B3000029
10203211838000112031400225566        19284                    00192848            109001928486             I06100521000001170500192848            10052100000000637000333823208000000000044400000000000000000000000000000000000000000000000000000000000000000000000006325600000000000000000000000000   11052100000000000000000000000POSTO DE GASOLINA LEIROZ LTDA                                       B7000030
10203211838000112031400225566        19285                    00192856            109001928569             I06100521000001170600192856            10052100000000268000333795208000000000044400000000000000000000000000000000000000000000000000000000000000000000000002635600000000000000000000000000   11052100000000000000000000000POSTO E GARAGE LINS LTDA                                            B3000031
10203211838000112031400225566        19288                    00192880            109001928809             I06100521000001170900192880            10052100000000590003418327908000000000044400000000000000000000000000000000000000000000000000000000000000000000000005855600000000000000000000000000   11052100000000000000000000000POSTO DE COMBUSTIVEIS MAIOR DA                                      CK000032
10203211838000112031400225566        19289                    00192899            109001928999             I06100521000001171000192899            10052100000000655000330964708000000000044400000000000000000000000000000000000000000000000000000000000000000000000006505600000000000000000000000000   11052100000000000000000000000POSTO E GARAGE MAIOR DA PRACA                                       B3000033
10203211838000112031400225566        19290                    00192902            109001929021             I06100521000001171100192902            10052100000000590003418803908000000000044400000000000000000000000000000000000000000000000000000000000000000000000005855600000000000000000000000000   11052100000000000000000000000POSTO DE COMBUSTIVEL MAIORAL L                                      CK000034
10203211838000112031400225566        19291                    00192910            109001929104             I06100521000001171200192910            10052100000000590003418803908000000000044400000000000000000000000000000000000000000000000000000000000000000000000005855600000000000000000000000000   11052100000000000000000000000MATA VIRGEM AUTO SERVICO LTDA                                       CK000035
10203211838000112031400225566        19292                    00192929            109001929294             I06100521000001171300192929            10052100000000590003418803908000000000044400000000000000000000000000000000000000000000000000000000000000000000000005855600000000000000000000000000   11052100000000000000000000000POSTO DE GASOLINA MENDANHA LTD                                      CK000036
10203211838000112031400225566        19293                    00192937            109001929377             I06100521000001171400192937            10052100000000637003418467308000000000044400000000000000000000000000000000000000000000000000000000000000000000000006325600000000000000000000000000   11052100000000000000000000000AUTO POSTO MEU CEARA LTDA.                                          CK000037
10203211838000112031400225566        19296                    00192961            109001929617             I06100521000001171700192961            10052100000000590003418327908000000000044400000000000000000000000000000000000000000000000000000000000000000000000005855600000000000000000000000000   11052100000000000000000000000POSTO DE COMBUSTIVEIS NATIVIDA                                      CK000038
10203211838000112031400225566        19297                    00192970            109001929708             I06100521000001171800192970            10052100000000650002373325808000000000044400000000000000000000000000000000000000000000000000000000000000000000000006455600000000000000000000000000   11052100000000000000000000000POSTO DE GASOLINA NOBRE LTDA                                        B3000039
10203211838000112031400225566        19299                    00192996            109001929963             I06100521000001172000192996            10052100000000637003417852708000000000044400000000000000000000000000000000000000000000000000000000000000000000000006325600000000000000000000000000   11052100000000000000000000000POSTO NOVO AMIGO LTDA                                               CK000040
10203211838000112031400225566        19300                    00193003            109001930037             I06100521000001172100193003            10052100000000655002377041708000000000044400000000000000000000000000000000000000000000000000000000000000000000000006505600000000000000000000000000   11052100000000000000000000000CENTRO AUTOMOTIVO PACO DE SOUZ                                      B3000041
10203211838000112031400225566        19301                    00193011            109001930110             I06100521000001172200193011            10052100000000359002377041708000000000044400000000000000000000000000000000000000000000000000000000000000000000000003545600000000000000000000000000   11052100000000000000000000000CENTRO AUTOMOTIVO PACO DE SOUZ                                      B3000042
10203211838000112031400225566        19302                    00193020            109001930201             I06100521000001172300193020            10052100000000590003418132308000000000044400000000000000000000000000000000000000000000000000000000000000000000000005855600000000000000000000000000   11052100000000000000000000000AUTO POSTO S.C. DOS PALMARES L                                      CK000043
10203211838000112031400225566        19305                    00193054            109001930540             I06100521000001172600193054            10052100000000637000331522208000000000044400000000000000000000000000000000000000000000000000000000000000000000000006325600000000000000000000000000   11052100000000000000000000000POSTO PRINCIPAL LTDA                                                B3000044
10203211838000112031400225566        19309                    00193097            109001930979             I06100521000001173000193097            10052100000000590003418803908000000000044400000000000000000000000000000000000000000000000000000000000000000000000005855600000000000000000000000000   11052100000000000000000000000AUTO POSTO RUCIO LTDA                                               CK000045
10203211838000112031400225566        19310                    00193100            109001931001             I06100521000001173100193100            10052100000000678000333454608000000000044400000000000000000000000000000000000000000000000000000000000000000000000006735600000000000000000000000000   11052100000000000000000000000POSTO SANTA CLARA DE COPACABAN                                      B3000046
10203211838000112031400225566        19311                    00193119            109001931191             I06100521000001173200193119            10052100000000199000333454608000000000044400000000000000000000000000000000000000000000000000000000000000000000000001945600000000000000000000000000   11052100000000000000000000000POSTO SANTA CLARA DE COPACABAN                                      B3000047
10203211838000112031400225566        19315                    00193151            109001931514             I06100521000001173600193151            10052100000000268000334271308000000000044400000000000000000000000000000000000000000000000000000000000000000000000002635600000000000000000000000000   11052100000000000000000000000TINDIBA AUTO POSTO LTDA                                             B3000048
10203211838000112031400225566        19316                    00193160            109001931605             I06100521000001173700193160            10052100000000678000334213508000000000044400000000000000000000000000000000000000000000000000000000000000000000000006735600000000000000000000000000   11052100000000000000000000000POSTO DE GASOLINA TODOS OS SAN                                      B1000049
10203211838000112031400225566        19323                    00193232            109001932322             I06100521000001174400193232            10052100000000350002373019708000000000044400000000000000000000000000000000000000000000000000000000000000000000000003455600000000000000000000000000   11052100000000000000000000000AUTO POSTO ATERRO DO FLAMENGO                                       B3000050
10203211838000112031400225566        19326                    00193267            109001932678             I06100521000000101400193267            10052100000000060002372777101000000000044400000000000000000000000000000000000000000000000000000000000000000000000000555600000000000000000000000000   11052100000000000000000000000POSTO AMIZADE DE JACAREPAGUA L                                      B3000051
10203211838000112031400225566        19327                    00193275            109001932751             I06100521000000101500193275            10052100000001407003418803901000000000044400000000000000000000000000000000000000000000000000000000000000000000000014025600000000000000000000000000   11052100000000000000000000000AUTO POSTO GUERRERA LTDA                                            CK000052
10203211838000112031400225566        19328                    00193283            109001932835             I06100521000000101600193283            10052100000000070000333454601000000000044400000000000000000000000000000000000000000000000000000000000000000000000000655600000000000000000000000000   11052100000000000000000000000POSTO SANTA CLARA DE COPACABAN                                      B3000053
10203211838000112031400225566        19329                    00193291            109001932918             I06100521000000003200193291            10052100000000268000334271308000000000044400000000000000000000000000000000000000000000000000000000000000000000000002635600000000000000000000000000   11052100000000000000000000000TINDIBA AUTO POSTO LTDA                                             B3000054
9201341          000000000000000000000000000000          000000000000000000000000000000                                                  000000000000000000000000000000          0000004000000002436333  11/05S004260000005300000003179833                                                                                                                                                                000055
